%%%%%%%%%%%%%%%%%%%%%%%%%%%%%%%%%%%%%%%%%%%%%%%%%%%%%%%%%%%%%%%%%%%%%%%%%%%%%
International Confs and Workshops with Proceedings

@InProceedings{Jo2013.5,
author = {Jorquera, Tom and Georgé, Jean-Pierre and Gleizes, Marie-Pierre and Régis, Christine},
title = "{A Natural Formalism and a Multi-Agent Algorithm for Integrative Multidisciplinary Design Optimization}",
booktitle = "{IEEE/WIC/ACM International Conference on Intelligent Agent Technology (IAT), Atlanta, USA, 17/11/2013-20/11/2013}",
year={2013},
keywords = {mine,international,proceedings},
}

@InProceedings{Jo2013.4,
author = {Jorquera, Tom and Georgé, Jean-Pierre and Gleizes, Marie-Pierre and Régis, Christine},
title = "{A Self-Adaptive Multi-Agent Algorithm for Interactive Continuous Optimization}",
booktitle = "{5th International Conference on Computational Collective Intelligence Technologies and Applications (ICCCI), Craiova, Roumanie, 11/09/2013-13/09/2013}",
year={2013},
keywords = {mine,international,proceedings},
}

%%%%%%%%%%%%%%%%%%%%%%%%%%%%%%%%%%%%%%%%%%%%%%%%%%%%%%%%%%%%%%%%%%%%%%%%%%%%%
International Confs and Workshops without Proceedings

@InProceedings{Jo2013.3,
author = {Jorquera, Tom and Georgé, Jean-Pierre and Gleizes, Marie-Pierre and Régis, Christine and Noel, Victor},
title = "{Experimenting on a Novel Approach to MDO using an Adaptive Multi-Agent System}",
year = {2013},
booktitle = "{10th World Congress on Structural and Multidisciplinary Optimization (WCSMO), Orlando, Florida, USA, 19/05/2013-24/05/2013}",
keywords = {mine,international,noproceedings},
}

@InProceedings{Jo2013.2,
author = {Jorquera, Tom and Georgé, Jean-Pierre and Gleizes, Marie-Pierre and Couellan, Nicolas and Noel, Victor and Régis, Christine},
title = "{A Natural Formalism and a Multi-Agent Algorithm for Integrative Multidisciplinary Design Optimization}",
booktitle= "{International Workshop on Optimisation in Multi-Agent Systems at the Twelfth International Conference on Autonomous Agents and Multiagent Systems (AAMAS), Saint Paul, Minnesota, USA, 06/05/2013-10/05/2013}",
year = {2013},
keywords = {mine,international,noproceedings},
}

@InProceedings{Jo2012.8,
author = {Jorquera, Tom and Georgé, Jean-Pierre and Gleizes, Marie-Pierre and Régis, Christine},
title = "{Relevance of an Adaptive Multi-Agent System Approach for Integrative Multidisciplinary Design Optimization}",
booktitle = "{European Workshop on Multi-Agent Systems (EUMAS 2012), Dublin, Ireland, 18/12/2012-19/12/2012}",
year = {2012},
keywords = {mine,international,noproceedings},
}


%%%%%%%%%%%%%%%%%%%%%%%%%%%%%%%%%%%%%%%%%%%%%%%%%%%%%%%%%%%%%%%%%%%%%%%%%%%%%
National Confs and Workshops without Proceedings

@InProceedings{JoGeRé2011.1,
author = {Jorquera, Tom and Georgé, Jean-Pierre and Régis, Christine},
title = "{Self-Organizing Multi-Agent System For MDO}",
booktitle = "{12e Congrès de la Société Francaise de Recherche Opérationnelle et d'Aide à la Decision (ROADEF'11), Saint-Etienne, 02/03/2011-04/03/2011}",
year = {2011},
keywords = {mine,national,noproceedings},
}

%%%%%%%%%%%%%%%%%%%%%%%%%%%%%%%%%%%%%%%%%%%%%%%%%%%%%%%%%%%%%%%%%%%%%%%%%%%%%
Demos et Posters

@InProceedings{Jo2013.1,
author = {Jorquera, Tom and Georgé, Jean-Pierre and Gleizes, Marie-Pierre and Régis, Christine},
title = "{An Adaptive Multi-Agent System for Multidisciplinary Integrative Design Optimization (Poster)}",
booktitle = "{International Conference on Agents and Artificial Intelligence (ICAART) 2013, Barcelona, Spain, 15/02/2013-18/02/2013}",
year = {2013},
keywords = {mine,poster,other},
}


@InProceedings{Jo2012.9,
author = {Jorquera, Tom and Georgé, Jean-Pierre and Régis, Christine},
title = "{An Adaptive Multi-Agent System for Integrative Multidisciplinary Design Optimization (demo and 2-pages paper)}",
booktitle = "{IEEE International Conference on Self-Adaptive and Self-Organizing Systems (SASO 2012), Lyon - France, 10/09/2012-14/09/2012}",
year = {2012},
keywords = {mine,demo,other},
}
