@book{schrijver1998theory,
  title={Theory of linear and integer programming},
  author={Schrijver, Alexander},
  year={1998},
  publisher={Wiley}
}

@ARTICLE{585893,
author={Wolpert, D.H. and Macready, W.G.},
journal={Evolutionary Computation, IEEE Transactions on}, title={No free lunch theorems for optimization},
year={1997},
month={apr},
volume={1},
number={1},
pages={67 -82},
keywords={Algorithm design and analysis;Bayesian methods;Evolutionary computation;Helium;Information theory;Iron;Minimax techniques;Performance analysis;Probability distribution;Simulated annealing;combinatorial mathematics;genetic algorithms;information theory;search problems;a priori head-to-head minimax distinctions;elevated performance;geometric interpretation;information-theoretic aspects;no free lunch theorems;optimization;time-varying optimization;},
doi={10.1109/4235.585893},
ISSN={1089-778X},}

@article{Auger-s00453-008-9244-5,
year={2010},
issn={0178-4617},
journal={Algorithmica},
volume={57},
issue={1},
doi={10.1007/s00453-008-9244-5},
title={Continuous Lunches Are Free Plus the Design of Optimal Optimization Algorithms},
url={http://dx.doi.org/10.1007/s00453-008-9244-5},
publisher={Springer-Verlag},
keywords={No-Free-Lunch; Kolmogorov’s extension theorem; Expensive optimization; Dynamic programming; Complexity; Bandit-based Monte-Carlo planning},
author={Auger, Anne and Teytaud, Olivier},
pages={121-146},
language={English}
}

@InCollection{Doe05,
  author     = 	 {Yang, Xin-She},
  title      = 	 {Swarm-Based Metaheuristic Algorithms and No-Free-Lunch Theorems},
  booktitle  = 	 {Theory and New Applications of Swarm Intelligence},
  pages      =	 {1--16},
  year       =	 {2012},
  editor     =	 {Rafael Parpinelli and Heitor S. Lopes},
  doi	=	{10.5772/30852}
}

@ARTICLE{1545946,
author={Wolpert, D.H. and Macready, W.G.},
journal={Evolutionary Computation, IEEE Transactions on}, title={Coevolutionary free lunches},
year={2005},
month={dec.},
volume={9},
number={6},
pages={ 721 - 735},
keywords={Evolution (biology);Evolutionary computation;NASA;Sorting; decision making; evolutionary computation; game theory; black box optimization; coevolutionary free lunches; multiarmed bandit problems; no free lunch theorem; self-play problem; subsequent multiplayer game; Coevolution; multiarmed bandits; no free lunch; optimizations; self-play;},
doi={10.1109/TEVC.2005.856205},
ISSN={1089-778X},}

@INPROCEEDINGS{1299403,
author={Corne, D. and Knowles, J.},
booktitle={Evolutionary Computation, 2003. CEC '03. The 2003 Congress on}, title={Some multiobjective optimizers are better than others},
year={2003},
month={dec.},
volume={4},
number={},
pages={ 2506 - 2512 Vol.4},
keywords={Algorithm design and analysis;Computer science;Filters;Measurement;Modems;Particle swarm optimization;Qualifications;Simulated annealing; computational complexity; optimisation; search problems; No-Free-Lunch theorems; archiver filters; multiobjective fitness spaces; multiobjective optimization;},
doi={10.1109/CEC.2003.1299403},
ISSN={},}

@incollection{English:3-540-45356-3_7,
year={2000},
isbn={978-3-540-41056-0},
booktitle={Parallel Problem Solving from Nature PPSN VI},
volume={1917},
series={Lecture Notes in Computer Science},
editor={Schoenauer, Marc and Deb, Kalyanmoy and Rudolph, Günther and Yao, Xin and Lutton, Evelyne and Merelo, JuanJulian and Schwefel, Hans-Paul},
doi={10.1007/3-540-45356-3_7},
title={Practical Implications of New Results in Conservation of Optimizer Performance},
url={http://dx.doi.org/10.1007/3-540-45356-3_7},
publisher={Springer Berlin Heidelberg},
author={English, Thomas M.},
pages={69-78},
language={English}
}

---------------------------------------------------------------------------------------------
Articles for Numerical Optim

@book{dantzig1998linear,
  title={Linear programming and extensions},
  author={Dantzig, G.},
  year={1998},
  publisher={Princeton university press}
}

@inproceedings{Karmarkar:1984:NPA:800057.808695,
 author = {Karmarkar, N.},
 title = {A new polynomial-time algorithm for linear programming},
 booktitle = {Proceedings of the sixteenth annual ACM symposium on Theory of computing},
 series = {STOC '84},
 year = {1984},
 isbn = {0-89791-133-4},
 pages = {302--311},
 numpages = {10},
 url = {http://doi.acm.org/10.1145/800057.808695},
 doi = {10.1145/800057.808695},
 acmid = {808695},
 publisher = {ACM},
 address = {New York, NY, USA},
}

@book{dennis1983numerical,
  title={Numerical Methods for Unconstrained Optimization and Nonlinear Equations},
  author={Dennis, J.E. and Schnabel, R.B.},
  isbn={9780898713640},
  lccn={lc95051776},
  series={Classics in Applied Mathematics},
  url={http://books.google.fr/books?id=RtxcWd0eBD0C},
  year={1983},
  publisher={Society for Industrial and Applied Mathematics}
}

@article{levenberg44,
    author = {Levenberg, Kenneth},
    citeulike-article-id = {10796881},
    journal = {Quarterly Journal of Applied Mathmatics},
    keywords = {indefinite, nonconvex, optimization},
    number = {2},
    pages = {164--168},
    posted-at = {2012-06-17 09:00:21},
    priority = {2},
    title = {A method for the solution of certain non-linear problems in least squares},
    volume = {II},
    year = {1944}
}

@article{marquardt63,
    author = {Marquardt, Donald W.},
    citeulike-article-id = {1458113},
    citeulike-linkout-0 = {http://scitation.aip.org/getabs/servlet/GetabsServlet?prog=normal\&id=SMJMAP000011000002000431000001\&idtype=cvips\&gifs=yes},
    citeulike-linkout-1 = {http://link.aip.org/link/?SMM/11/431},
    journal = {SIAM Journal on Applied Mathematics},
    keywords = {indefinite, newton, nonconvex, optimization},
    number = {2},
    pages = {431--441},
    posted-at = {2012-06-17 09:06:18},
    priority = {2},
    publisher = {SIAM},
    title = {An Algorithm for Least-Squares Estimation of Nonlinear Parameters},
    url = {http://scitation.aip.org/getabs/servlet/GetabsServlet?prog=normal\&id=SMJMAP000011000002000431000001\&idtype=cvips\&gifs=yes},
    volume = {11},
    year = {1963}
}

@article{boggs1995sequential,
  title={Sequential quadratic programming},
  author={Boggs, Paul T and Tolle, Jon W},
  journal={Acta numerica},
  volume={4},
  number={1},
  pages={1--51},
  year={1995},
  publisher={Cambridge Univ Press}
}

@inproceedings{kuhn1951nonlinear,
  title={Nonlinear programming},
  author={Kuhn, Harold W and Tucker, Albert W},
  booktitle={Proceedings of the second Berkeley symposium on mathematical statistics and probability},
  volume={5},
  year={1951},
  organization={California}
}

@article{Nelder01011965,
author = {Nelder, J. A. and Mead, R.}, 
title = {A Simplex Method for Function Minimization},
volume = {7}, 
number = {4}, 
pages = {308-313}, 
year = {1965}, 
doi = {10.1093/comjnl/7.4.308}, 
abstract ={A method is described for the minimization of a function of n variables, which depends on the comparison of function values at the (n + 1) vertices of a general simplex, followed by the replacement of the vertex with the highest value by another point. The simplex adapts itself to the local landscape, and contracts on to the final minimum. The method is shown to be effective and computationally compact. A procedure is given for the estimation of the Hessian matrix in the neighbourhood of the minimum, needed in statistical estimation problems.}, 
URL = {http://comjnl.oxfordjournals.org/content/7/4/308.abstract}, 
eprint = {http://comjnl.oxfordjournals.org/content/7/4/308.full.pdf+html}, 
journal = {The Computer Journal} 
}

@article{wolfe1959simplex,
  title={The simplex method for quadratic programming},
  author={Wolfe, P.},
  journal={Econometrica: Journal of the Econometric Society},
  pages={382--398},
  year={1959},
  publisher={JSTOR}
}

@article{van1964simplicial,
  title={Simplicial methods for quadratic programming},
  author={Van de Panne, C. and Whinston, A.},
  journal={Naval Research Logistics Quarterly},
  volume={11},
  number={3-4},
  pages={273--302},
  year={1964},
  publisher={Wiley Online Library}
}

@article{audet2000branch,
  title={A branch and cut algorithm for nonconvex quadratically constrained quadratic programming},
  author={Audet, C. and Hansen, P. and Jaumard, B. and Savard, G.},
  journal={Mathematical Programming},
  volume={87},
  number={1},
  pages={131--152},
  year={2000},
  publisher={Springer}
}

---------------------------------------------------------------------------------------------
Articles for MOO

@article{Marler2010,
year={2010},
issn={1615-147X},
journal={Structural and Multidisciplinary Optimization},
volume={41},
number={6},
doi={10.1007/s00158-009-0460-7},
title={The weighted sum method for multi-objective optimization: new insights},
url={http://dx.doi.org/10.1007/s00158-009-0460-7},
publisher={Springer-Verlag},
keywords={Multi-objective optimization; Weighted sum; Preferences},
author={Marler, R.Timothy and Arora, JasbirS.},
pages={853-862},
language={English}
}

@article{marler2004survey,
  title={Survey of multi-objective optimization methods for engineering},
  author={Marler, R Timothy and Arora, Jasbir S},
  journal={Structural and multidisciplinary optimization},
  volume={26},
  number={6},
  pages={369--395},
  year={2004},
  publisher={Springer}
}

@book{stadler1988multicriteria,
  title={Multicriteria Optimization in Engineering and in the Sciences},
  author={Stadler, Wolfram},
  volume={37},
  year={1988},
  publisher={Springer}
}

@article{osyczka1984multicriterion,
  title={Multicriterion optimization in engineering with FORTRAN programs.},
  author={Osyczka, Andrzej},
  journal={JOHN WILEY \& SONS, INC., 605 THIRD AVE., NEW YORK, NY 10158, USA, 1984, 200},
  year={1984}
}

@ARTICLE{4308298,
journal={Systems, Man and Cybernetics, IEEE Transactions on},
title={On a Bicriterion Formulation of the Problems of Integrated System Identification and System Optimization},
year={1971},
volume={SMC-1},
number={3},
pages={296-297},
keywords={Constraint optimization;Constraint theory;Large-scale systems;Mathematical model;Mathematical programming;Matrices;Parameter estimation;Process design;Process planning;System identification},
doi={10.1109/TSMC.1971.4308298},
ISSN={0018-9472},}

@article{marler2004survey,
  title={Survey of multi-objective optimization methods for engineering},
  author={Marler, R Timothy and Arora, Jasbir S},
  journal={Structural and multidisciplinary optimization},
  volume={26},
  number={6},
  pages={369--395},
  year={2004},
  publisher={Springer}
}

@article{charnes1957management,
  title={Management models and industrial applications of linear programming},
  author={Charnes, Abraham and Cooper, William W},
  journal={Management Science},
  volume={4},
  number={1},
  pages={38--91},
  year={1957},
  publisher={INFORMS}
}

@Book{ nla.cat-vn2742363,
author = { Pareto, Vilfredo, and Page, Alfred N.,. and Schwier, Ann S. },
title = { Manual of political economy / by Vilfredo Pareto ; translated by Ann S. Schwier and Alfred N. Page },
isbn = { 0333135458 },
publisher = { Macmillan London },
pages = { xii,504p : },
year = { 1972 },
type = { Book },
language = { English },
subjects = { Economics. },
life-dates = { 1972 - 1971 },
catalogue-url = { http://nla.gov.au/nla.cat-vn2742363 },
}

@article{S1052623496307510,
	author = {Das, I. and Dennis, J.},
	title = {Normal-Boundary Intersection: A New Method for Generating the Pareto Surface in Nonlinear Multicriteria Optimization Problems},
	journal = {SIAM Journal on Optimization},
	volume = {8},
	number = {3},
	pages = {631-657},
	year = {1998},
	doi = {10.1137/S1052623496307510},

	URL = {http://epubs.siam.org/doi/abs/10.1137/S1052623496307510},
	eprint = {http://epubs.siam.org/doi/pdf/10.1137/S1052623496307510}
}

---------------------------------------------------------------------------------------------
Articles for Robust Optimization

@article{zadeh1965fuzzy,
  title={Fuzzy sets},
  author={Zadeh, Lotfi Asker},
  journal={Information and control},
  volume={8},
  number={3},
  pages={338--353},
  year={1965},
  publisher={Elsevier}
}

@incollection{Kreinovich_2008,
year={2008},
isbn={978-3-540-77663-5},
booktitle={Interval / Probabilistic Uncertainty and Non-Classical Logics},
volume={46},
series={Advances in Soft Computing},
editor={Huynh, Van-Nam and Nakamori, Yoshiteru and Ono, Hiroakira and Lawry, Jonathan and Kreinovich, Vkladik and Nguyen, HungT.},
doi={10.1007/978-3-540-77664-2_3},
title={Fast Algorithms for Computing Statistics under Interval Uncertainty: An Overview},
url={http://dx.doi.org/10.1007/978-3-540-77664-2_3},
publisher={Springer Berlin Heidelberg},
author={Kreinovich, Vladik and Xiang, Gang},
pages={19-31}
}

@article{Massey_1951, 
	title={The Kolmogorov-Smirnov test for goodness of fit},
	volume={46},
	url={http://www.jstor.org/stable/2280095},
	number={253},
	journal={Journal of the American Statistical Association},
	publisher={American Statistical Association},
	author={Massey, Frank J Jr},
	year={1951},
	pages={68--78}
}

@article{zadeh1978fuzzy,
  title={Fuzzy sets as a basis for a theory of possibility},
  author={Zadeh, Lotfi Asker},
  journal={Fuzzy sets and systems},
  volume={1},
  number={1},
  pages={3--28},
  year={1978},
  publisher={Elsevier}
}


@article{nikolaidis:386,
author = {Efstratios Nikolaidis and Sophie Chen and Harley Cudney and Raphael T. Haftka and Raluca Rosca},
collaboration = {},
title = {Comparison of Probability and Possibility for Design Against Catastrophic Failure Under Uncertainty},
publisher = {ASME},
year = {2004},
journal = {Journal of Mechanical Design},
volume = {126},
number = {3},
pages = {386-394},
keywords = {design engineering; possibility theory; failure analysis; probability; decision theory},
url = {http://link.aip.org/link/?JMD/126/386/1},
doi = {10.1115/1.1701878}
}

@book{shafer1976mathematical,
  title={A mathematical theory of evidence},
  author={Shafer, Glenn},
  volume={1},
  year={1976},
  publisher={Princeton university press Princeton}
}

@book{sentz2002combination,
  title={Combination of evidence in Dempster-Shafer theory},
  author={Sentz, K. and Ferson, S.},
  year={2002},
  publisher={Citeseer}
}

@article{tsui1992overview,
  title={An overview of Taguchi method and newly developed statistical methods for robust design},
  author={Tsui, Kwok-Leung},
  journal={Iie Transactions},
  volume={24},
  number={5},
  pages={44--57},
  year={1992},
  publisher={Taylor \& Francis}
}

@article{sacks1989design,
  title={Design and analysis of computer experiments},
  author={Sacks, Jerome and Welch, William J and Mitchell, Toby J and Wynn, Henry P},
  journal={Statistical science},
  volume={4},
  number={4},
  pages={409--423},
  year={1989},
  publisher={Institute of Mathematical Statistics}
}

@article{nair1992taguchi,
  title={Taguchi's parameter design: a panel discussion},
  author={Nair, Vijayan N and Abraham, Bovas and MacKay, Jock and Box, George and Kacker, Raghu N and Lorenzen, Thomas J and Lucas, James M and Myers, Raymond H and Vining, G Geoffrey and Nelder, John A and others},
  journal={Technometrics},
  volume={34},
  number={2},
  pages={127--161},
  year={1992},
  publisher={Taylor \& Francis Group}
}

---------------------------------------------------------------------------------------------
Articles for Evolutionary Algorithms

@book{holland1992adaptation,
  title={Adaptation in natural and artificial systems: an introductory analysis with applications to biology, control and artificial intelligence},
  author={Holland, John H},
  year={1992},
  publisher={MIT press}
}

@inproceedings{kennedy1995particle,
  title={Particle swarm optimization},
  author={Kennedy, James and Eberhart, Russell},
  booktitle={Neural Networks, 1995. Proceedings., IEEE International Conference on},
  volume={4},
  pages={1942--1948},
  year={1995},
  organization={IEEE}
}

@inproceedings{corne2007techniques,
  title={Techniques for highly multiobjective optimisation: some nondominated points are better than others},
  author={Corne, David W and Knowles, Joshua D},
  booktitle={Proceedings of the 9th annual conference on Genetic and evolutionary computation},
  pages={773--780},
  year={2007},
  organization={ACM}
}
---------------------------------------------------------------------------------------------
Articles for MDO

@article{kusiak1995decomposition,
  title={Decomposition and representation methods in mechanical design},
  author={Kusiak, Andrew and Larson, Nick},
  journal={Journal of Mechanical Design},
  volume={117},
  pages={17},
  year={1995}
}


@book{american1991current,
  title={Current State of the Art on Multidisciplinary Design Optimization (MDO)},
  author={American Institute of Aeronautics and Astronautics},
  series={General Publication Series},
  url={http://books.google.fr/books?id=rbgkAQAAIAAJ},
  year={1991},
  publisher={American Institute of Aeronautics \& Astronautics}
}

@article {Lambe:2011:A,
	title = {Multidisciplinary design optimization: A Survey of architectures},
	journal = {AIAA Journal},
	year = {2012},
	note = {(In press)},
	abstract = {<p>Multidisciplinary design optimization (MDO) is a field of research that studies the application of numerical optimization techniques to the design of engineering systems involving multiple disciplines or components. Since the inception of MDO, various methods (architectures) have been developed and applied to solve MDO problems. This paper provides a survey of all the architectures that have been presented in the literature so far. All architectures are explained in detail using a unified description that includes optimization problem statements, diagrams, and detailed algorithms. The diagrams show both data and process flow through the multidisciplinary system and computational elements, which facilitates the understanding of the various architectures, and how they relate to each other. A classification of the MDO architectures based on their problem formulations and decomposition strategies is also provided, and the benefits and drawbacks of the architectures are discussed from both a theoretical and experimental perspective. For each architecture, several applications to the solution of engineering design problems are cited. The result is a comprehensive but straightforward introduction to MDO for non-specialists, and a reference detailing all current MDO architectures for specialists.</p>},
	author = {Joaquim R. R. A. Martins and Andrew B. Lambe}
}

@article{cramer1994problem,
  title={Problem formulation for multidisciplinary optimization},
  author={Cramer, Evin J and Dennis, Jr, JE and Frank, Paul D and Lewis, Robert Michael and Shubin, Gregory R},
  journal={SIAM Journal on Optimization},
  volume={4},
  number={4},
  pages={754--776},
  year={1994},
  publisher={SIAM}
}

@article{haftka1985simultaneous,
  title={Simultaneous analysis and design},
  author={Haftka, Raphael T},
  journal={AIAA journal},
  volume={23},
  number={7},
  pages={1099--1103},
  year={1985}
}

@inproceedings{wujek1997concurrent,
  title={A concurrent engineering approach for multidisciplinary design in a distributed computing environment},
  author={Wujek, Brett A and Renaud, John E and Batill, Stephen M},
  booktitle={Multidisciplinary Design Optimization: State-of-the-Art, Proceedings in Applied Mathematics},
  volume={80},
  pages={189--208},
  year={1997}
}

@incollection{zhang2011,
  author      = {Ke-shi, Zhang},
  title       = {Concurrent Subspace Optimization for Aircraft System Design},
  editor      = {Max Mulder},
  booktitle   = {Aeronautics and Astronautics},
  publisher   = {InTech},
  year        = {2011}
}

@techreport{NataliaM.:2000:ACA:886733,
 author = {Natalia M., Alexandrov and Robert Michael, Lewis},
 title = {Analytical and Computational Aspects of Collaborative Optimization},
 year = {2000},
 source = {http://www.ncstrl.org:8900/ncstrl/servlet/search?formname=detail\&id=oai%3ALTRS%3ANASA-2000-tm210104},
 publisher = {NASA Langley Technical Report Server},
}

@article{Chittick:2007:B,
	author = {Ian R. Chittick and Joaquim R. R. A. Martins},
	title = {{An asymmetric suboptimization approach to aerostructural optimization}},
	journal = {Optimization and Engineering},
	volume = {10},
	year = {2009},
	pages = {133--152},
	issue = {1},
	doi = {10.1007/s11081-008-9046-2},
	masid = {26119974}
}

@article{Ilan:1994:MOM:887207,
	title = {Multidisciplinary Optimization Methods for Aircraft Preliminary Design},
	journal = {AIAA 5th Symposium on Multidisciplinary Analysis and Optimization},
	year = {1994},
	note = {AIAA 1994-4325},
	month = {September},
	address = {Panama City Beach,~FL},
	author = {Ilan M. Kroo and Steve Altus and Robert D. Braun and Peter J. Gage and Ian P. Sobieski}
}

@techreport{J.:1998:BIS:886310,
 author = {J., Sobieszczanski and J. S., Agte and R. R. Sandusky, Jr},
 title = {Bi-Level Integrated System Synthesis},
 year = {1998},
 source = {http://www.ncstrl.org:8900/ncstrl/servlet/search?formname=detail\&id=oai%3ALTRS%3ANASA-aiaa-98-4916},
 publisher = {NASA Langley Technical Report Server},
}

﻿@article {NME:NME1380,
 author = {Shin, Moon-Kyun and Park, Gyung-Jin},
 title = {Multidisciplinary design optimization based on independent subspaces},
 journal = {International Journal for Numerical Methods in Engineering},
 volume = {64},
 number = {5},
 publisher = {John Wiley & Sons, Ltd.},
 issn = {1097-0207},
 url = {http://dx.doi.org/10.1002/nme.1380},
 doi = {10.1002/nme.1380},
 pages = {599--617},
 keywords = {MDO, system analysis, coupling variables, subspace optimization, global sensitivity equation},
 year = {2005},
}

@article{1389-4420,
 year={2005},
 issn={1389-4420},
 journal={Optimization and Engineering},
 volume={6},
 issue={1},
 doi={10.1023/B:OPTE.0000048534.58121.93},
 title={Multidisciplinary Design Optimization with Quasiseparable Subsystems},
 url={http://dx.doi.org/10.1023/B%3AOPTE.0000048534.58121.93},
 publisher={Kluwer Academic Publishers},
 keywords={decomposition; global/local optimization; multidisciplinary design; response surface approximation; separable},
 author={Haftka, Raphael T. and Watson, Layne T.},
 pages={9-20},
 language={English}
}

@book{wilden2003system,
  title={System and structure: Essays in communication and exchange},
  author={Wilden, Anthony},
  year={2003},
  publisher={Psychology Press}
}

@inproceedings{perez2004evaluation,
  title={Evaluation of multidisciplinary optimization approaches for aircraft conceptual design},
  author={Perez, Ruben E and Liu, Hugh HT and Behdinan, Kamran},
  booktitle={Proceedings of the 10th AIAA/ISSMO multidisciplinary analysis and optimization conference, AIAA paper},
  volume={4537},
  year={2004}
}

@article{Yi2008,
year={2008},
issn={1615-147X},
journal={Structural and Multidisciplinary Optimization},
volume={35},
number={5},
doi={10.1007/s00158-007-0150-2},
title={Comparison of MDO methods with mathematical examples},
url={http://dx.doi.org/10.1007/s00158-007-0150-2},
publisher={Springer-Verlag},
keywords={Multidisciplinary design optimization (MDO); MDF; IDF; AAO; CSSO; BLISS; CO; MDOIS},
author={Yi, S.I. and Shin, J.K. and Park, G.J.},
pages={391-402},
language={English}
}

@article{du2005collaborative,
  title={Collaborative reliability analysis under the framework of multidisciplinary systems design},
  author={Du, Xiaoping and Chen, Wei},
  journal={Optimization and Engineering},
  volume={6},
  number={1},
  pages={63--84},
  year={2005},
  publisher={Springer}
}

@article{liu2006probabilistic,
  title={Probabilistic analytical target cascading: a moment matching formulation for multilevel optimization under uncertainty},
  author={Liu, Huibin and Chen, Wei and Kokkolaras, Michael and Papalambros, Panos Y and Kim, Harrison M},
  journal={Journal of Mechanical Design},
  volume={128},
  pages={991},
  year={2006}
}

@article{gu2000worst,
  title={Worst case propagated uncertainty of multidisciplinary systems in robust design optimization},
  author={Gu, Xiaoyu and Renaud, John E and Batill, Stephen M and Brach, Raymond M and Budhiraja, Amarjit S},
  journal={Structural and Multidisciplinary Optimization},
  volume={20},
  number={3},
  pages={190--213},
  year={2000},
  publisher={Springer}
}

@article{li2008multiobjective,
  title={Multiobjective collaborative robust optimization with interval uncertainty and interdisciplinary uncertainty propagation},
  author={Li, Mian and Azarm, Shapour},
  journal={Journal of Mechanical Design},
  volume={130},
  pages={081402},
  year={2008}
}


@article{koch1999statistical,
  title={Statistical approximations for multidisciplinary design optimization: the problem of size},
  author={Koch, Patrick N and Simpson, Timothy W and Allen, Janet K and Mistree, Farrokh},
  journal={Journal of Aircraft},
  volume={36},
  number={1},
  pages={275--286},
  year={1999}
}

@article{allen2006robust,
  title={Robust design for multiscale and multidisciplinary applications},
  author={Allen, Janet K and Seepersad, Carolyn and Choi, HaeJin and Mistree, Farrokh},
  journal={Journal of Mechanical Design},
  volume={128},
  pages={832},
  year={2006}
}



---------------------------------------------------------------------------------------------
Conclusion

@article {Kroo:1994:MOM,
	title = {Multidisciplinary Optimization Methods for Aircraft Preliminary Design},
	journal = {AIAA 5th Symposium on Multidisciplinary Analysis and Optimization},
	year = {1994},
	note = {AIAA 1994-4325},
	month = {September},
	address = {Panama City Beach,~FL},
	author = {Ilan M. Kroo and Steve Altus and Robert D. Braun and Peter J. Gage and Ian P. Sobieski}
}
