@PhDThesis{Ka2011.6,
  author = {Kaddoum, E.},
  title = "{Optimization under Constraints of Distributed Complex Problems using Cooperative Self-Organization}",
  year = {2011},
  month = {november},
  school = {Universit√© de Toulouse, Toulouse, France},
  URL = {ftp://ftp.irit.fr/IRIT/SMAC/DOCUMENTS/RAPPORTS/TheseElsyKaddoum_2011.pdf}
}
