 @PhDThesis{ No2012.2,
author = {Noel, Victor},
title = "{Component-based Software Architectures and Multi-Agent Systems: Mutual and Complementary Contributions for Supporting Software Development}",
year = {2012},
month = {juillet},
type = {Thèse de doctorat},
school = {Université de Toulouse},
address = {Toulouse, France},
language = {anglais},
URL = {http://www.irit.fr/publis/SMAC/DOCUMENTS/RAPPORTS/TheseVictorNoel-0712.pdf},
}
