@article{glize2001adaptation,
  title={Lâ€™adaptation des syst{\`e}mes {\`a} fonctionnalit{\'e} {\'e}mergente par auto-organisation coop{\'e}rative},
  author={Glize, Pierre},
  journal={Hdr, Universit{\'e} Paul Sabatier, Toulouse III},
  year={2001}
}
