@inproceedings{Lemouzy_2011,
  Author = {Lemouzy, S. and Camps, V. and Glize, P.},
  Booktitle = {Web Intelligence and Intelligent Agent Technology (WI-IAT), 2011 IEEE/WIC/ACM International Conference on},
  Doi = {10.1109/WI-IAT.2011.190},
  Title = {Principles and Properties of a MAS Learning Algorithm: A Comparison with Standard Learning Algorithms Applied to Implicit Feedback Assessment},
  Volume = {2},
  Year = {2011}
}

@inproceedings{jacobson1988congestion,
  title={Congestion avoidance and control},
  author={Jacobson, Van},
  booktitle={ACM SIGCOMM Computer Communication Review},
  volume={18},
  number={4},
  pages={314--329},
  year={1988},
  organization={ACM}
}

